%YAML 1.1
%TAG !u! tag:unity3d.com,2011:
--- !u!1 &2152017811107050418
GameObject:
  m_ObjectHideFlags: 0
  m_CorrespondingSourceObject: {fileID: 0}
  m_PrefabInstance: {fileID: 0}
  m_PrefabAsset: {fileID: 0}
  serializedVersion: 6
  m_Component:
  - component: {fileID: 2152017811107050429}
  - component: {fileID: 2152017811107050430}
  - component: {fileID: 2152017811107050431}
  - component: {fileID: 2152017811107050428}
  - component: {fileID: 2152017811107050424}
  - component: {fileID: 2152017811107050425}
  - component: {fileID: 2152017811107050427}
  m_Layer: 0
  m_Name: Tesoro
  m_TagString: Tesoro
  m_Icon: {fileID: 0}
  m_NavMeshLayer: 0
  m_StaticEditorFlags: 0
  m_IsActive: 1
--- !u!4 &2152017811107050429
Transform:
  m_ObjectHideFlags: 0
  m_CorrespondingSourceObject: {fileID: 0}
  m_PrefabInstance: {fileID: 0}
  m_PrefabAsset: {fileID: 0}
  m_GameObject: {fileID: 2152017811107050418}
  m_LocalRotation: {x: 0, y: 0, z: 0, w: 1}
  m_LocalPosition: {x: 0, y: 0.726, z: 0}
  m_LocalScale: {x: 0.2, y: 0.2, z: 0.2}
  m_Children: []
  m_Father: {fileID: 0}
  m_RootOrder: 0
  m_LocalEulerAnglesHint: {x: 0, y: 0, z: 0}
--- !u!33 &2152017811107050430
MeshFilter:
  m_ObjectHideFlags: 0
  m_CorrespondingSourceObject: {fileID: 0}
  m_PrefabInstance: {fileID: 0}
  m_PrefabAsset: {fileID: 0}
  m_GameObject: {fileID: 2152017811107050418}
  m_Mesh: {fileID: 10207, guid: 0000000000000000e000000000000000, type: 0}
--- !u!23 &2152017811107050431
MeshRenderer:
  m_ObjectHideFlags: 0
  m_CorrespondingSourceObject: {fileID: 0}
  m_PrefabInstance: {fileID: 0}
  m_PrefabAsset: {fileID: 0}
  m_GameObject: {fileID: 2152017811107050418}
  m_Enabled: 1
  m_CastShadows: 1
  m_ReceiveShadows: 1
  m_DynamicOccludee: 1
  m_MotionVectors: 1
  m_LightProbeUsage: 1
  m_ReflectionProbeUsage: 1
  m_RayTracingMode: 2
  m_RayTraceProcedural: 0
  m_RenderingLayerMask: 1
  m_RendererPriority: 0
  m_Materials:
  - {fileID: 2100000, guid: 4076d89e1cc0c65b585e767a910b1a69, type: 2}
  m_StaticBatchInfo:
    firstSubMesh: 0
    subMeshCount: 0
  m_StaticBatchRoot: {fileID: 0}
  m_ProbeAnchor: {fileID: 0}
  m_LightProbeVolumeOverride: {fileID: 0}
  m_ScaleInLightmap: 1
  m_ReceiveGI: 1
  m_PreserveUVs: 0
  m_IgnoreNormalsForChartDetection: 0
  m_ImportantGI: 0
  m_StitchLightmapSeams: 1
  m_SelectedEditorRenderState: 3
  m_MinimumChartSize: 4
  m_AutoUVMaxDistance: 0.5
  m_AutoUVMaxAngle: 89
  m_LightmapParameters: {fileID: 0}
  m_SortingLayerID: 0
  m_SortingLayer: 0
  m_SortingOrder: 0
  m_AdditionalVertexStreams: {fileID: 0}
--- !u!135 &2152017811107050428
SphereCollider:
  m_ObjectHideFlags: 0
  m_CorrespondingSourceObject: {fileID: 0}
  m_PrefabInstance: {fileID: 0}
  m_PrefabAsset: {fileID: 0}
  m_GameObject: {fileID: 2152017811107050418}
  m_Material: {fileID: 0}
  m_IsTrigger: 0
  m_Enabled: 1
  serializedVersion: 2
  m_Radius: 0.5
  m_Center: {x: 0, y: 0, z: 0}
--- !u!114 &2152017811107050424
MonoBehaviour:
  m_ObjectHideFlags: 0
  m_CorrespondingSourceObject: {fileID: 0}
  m_PrefabInstance: {fileID: 0}
  m_PrefabAsset: {fileID: 0}
  m_GameObject: {fileID: 2152017811107050418}
  m_Enabled: 1
  m_EditorHideFlags: 0
  m_Script: {fileID: 11500000, guid: 422fb6956201c7944ae2113a1a53b0b8, type: 3}
  m_Name: 
  m_EditorClassIdentifier: 
  maxTasksPerTick: 500
  behavior: {fileID: 11400000, guid: 336c55fb45d2ae1c9aa72c3c2b2c1179, type: 2}
  paused: 0
  restartWhenFinished: 0
  blackboard:
    intParams: 
    intParamsNames: []
    intParamsLostDefaultValue: 
    boolParams: 
    boolParamsNames: []
    boolParamsLostDefaultValue: 
    floatParams: []
    floatParamsNames: []
    floatParamsLostDefaultValue: 
    stringParams: []
    stringParamsNames: []
    stringParamsLostDefaultValue: 
    colorParams: []
    colorParamsNames: []
    colorParamsLostDefaultValue: 
    objectParams:
    - {fileID: 2152017811107050418}
    - {fileID: 0}
    objectParamsNames:
    - myself
    - ladron
    objectParamsLostDefaultValue: 
    layerMaskParams: []
    layerMaskParamsNames: []
    layerMaskParamsLostDefaultValue: 
    enumParamsNames: []
    enumParamsLostDefaultValue: 
    vector2Params: []
    vector2ParamsNames: []
    vector2ParamsLostDefaultValue: 
    vector3Params: []
    vector3ParamsNames: []
    vector3ParamsLostDefaultValue: 
    vector4Params: []
    vector4ParamsNames: []
    vector4ParamsLostDefaultValue: 
    rectParams: []
    rectParamsNames: []
    rectParamsLostDefaultValue: 
    animationCurveParams: []
    animationCurveParamsNames: []
    animationCurveParamsLostDefaultValue: 
    boundsParams: []
    boundsParamsNames: []
    boundsParamsLostDefaultValue: 
    gradientParams: []
    gradientParamsNames: []
    gradientParamsLostDefaultValue: 
    quaternionParams: []
    quaternionParamsNames: []
    quaternionParamsLostDefaultValue: 
--- !u!114 &2152017811107050425
MonoBehaviour:
  m_ObjectHideFlags: 0
  m_CorrespondingSourceObject: {fileID: 0}
  m_PrefabInstance: {fileID: 0}
  m_PrefabAsset: {fileID: 0}
  m_GameObject: {fileID: 2152017811107050418}
  m_Enabled: 1
  m_EditorHideFlags: 0
  m_Script: {fileID: 11500000, guid: 3ed533754a8f8ccff97c222cd6da813d, type: 3}
  m_Name: 
  m_EditorClassIdentifier: 
  Activat: 1
--- !u!114 &2152017811107050427
MonoBehaviour:
  m_ObjectHideFlags: 0
  m_CorrespondingSourceObject: {fileID: 0}
  m_PrefabInstance: {fileID: 0}
  m_PrefabAsset: {fileID: 0}
  m_GameObject: {fileID: 2152017811107050418}
  m_Enabled: 1
  m_EditorHideFlags: 0
  m_Script: {fileID: 11500000, guid: 9d485216ff6d74be2a9bb4485c180fc1, type: 3}
  m_Name: 
  m_EditorClassIdentifier: 
